<record><leader>00000cas a22000007a 4500</leader><controlfield tag="001">22919351</controlfield><controlfield tag="008">910103d189618uuohudr ne      0    0eng d</controlfield><datafield ind1=" " ind2=" " tag="010"><subfield code="a">sn 90068784 </subfield></datafield><datafield ind1=" " ind2=" " tag="040"><subfield code="a">ONP</subfield><subfield code="b">eng</subfield><subfield code="c">ONP</subfield><subfield code="d">OCLCQ</subfield><subfield code="d">UKMGB</subfield><subfield code="d">OCLCQ</subfield></datafield><datafield ind1="7" ind2=" " tag="016"><subfield code="a">013913896</subfield><subfield code="2">Uk</subfield></datafield><datafield ind1=" " ind2=" " tag="042"><subfield code="a">msc</subfield></datafield><datafield ind1="0" ind2=" " tag="130"><subfield code="a">Daily messenger (Fremont, Ohio : 1896)</subfield></datafield><datafield ind1="1" ind2="0" tag="245"><subfield code="a">Daily messenger.</subfield></datafield><datafield ind1=" " ind2=" " tag="260"><subfield code="a">Fremont, Ohio :</subfield><subfield code="b">Hilt &amp; Lamberson</subfield></datafield><datafield ind1=" " ind2=" " tag="300"><subfield code="a">v.</subfield></datafield><datafield ind1=" " ind2=" " tag="310"><subfield code="a">Daily</subfield></datafield><datafield ind1="1" ind2=" " tag="362"><subfield code="a">Began in 1896.</subfield></datafield><datafield ind1=" " ind2=" " tag="580"><subfield code="a">Weekly ed.: Democratic messenger (Fremont, Ohio : 1856), 1896-1899.</subfield></datafield><datafield ind1=" " ind2=" " tag="580"><subfield code="a">Semiweekly ed.: Fremont Democratic messenger, 1899-1901.</subfield></datafield><datafield ind1=" " ind2=" " tag="588"><subfield code="a">Description based on: No. 126 (Sept. 28, 1896).</subfield></datafield><datafield ind1=" " ind2="4" tag="651"><subfield code="a">Fremont (Ohio)</subfield><subfield code="v">Newspapers.</subfield></datafield><datafield ind1=" " ind2="4" tag="651"><subfield code="a">Sandusky County (Ohio)</subfield><subfield code="v">Newspapers.</subfield></datafield><datafield ind1=" " ind2=" " tag="752"><subfield code="a">United States</subfield><subfield code="b">Ohio</subfield><subfield code="c">Sandusky</subfield><subfield code="d">Fremont.</subfield></datafield><datafield ind1="1" ind2=" " tag="775"><subfield code="t">Democratic messenger (Fremont, Ohio : 1856)</subfield><subfield code="w">(DLC)sn 85038234</subfield></datafield><datafield ind1="1" ind2=" " tag="775"><subfield code="t">Fremont Democratic messenger</subfield><subfield code="w">(DLC)sn 90068969</subfield></datafield><datafield ind1="0" ind2="0" tag="785"><subfield code="a">Fremont daily messenger (Fremont, Ohio : 1900)</subfield><subfield code="w">(DLC)sn 90068626</subfield></datafield><datafield ind1="1" ind2=" " tag="029"><subfield code="a">AU@</subfield><subfield code="b">000025877619</subfield></datafield></record>